In bib files, anything outside an entry is a comment. You only need to keep one of biblio.bib and biblio.tex, depending which citation managament style you want to use.

@misc{erlang_o'reilly,
  title = {Erlang Programming},
  author = {Francesco Cesarini,  Li Xinke},
  year = {2007},
  month = {Oknober},
  howpublished = {Journal of Shanghai University (English Edition), Volume 11, Issue 5, pp 474–479}
}

@misc{meter,
	title = {OOMeter: A Software Quality Assurance Tool},
	author = { J.S. Alghamdi, R.A. Rufai, S.M. Khan},
	year = {2005},
	month = {March},
	howpublished = {Ninth European Conference on Software Maintenance and Reengineering}
}

@misc{mc,
	title = {A Complexity Measure},
	author = {T.J. McCabe},
	year = {1976},
	pages = {308--320},
	howpublished = {IEEE Transactions on Software
	Engineering, 2(4)}
}

@misc{shepperd,
	title = {A critique of cyclomatic complexity as a software
	metric},
	author = {Shepperd, M.},
	year = {1988},
	month = {March},
	howpublished = {Software Engineering Journal, pp. 30 - 36}
}

@misc{ck,
	title = {A Metrics Suite for Object-Oriented Design},
	author = {S.R. Chidamber and C.F. Kemerer},
	year = {1992},
	pages = {476--493},
	howpublished = {EEE Transactions on Software Engineering 20,6(1994)}
}

@misc{symons,
	title = {Management : measure for measure's sake.},
	author = {Symons, C},
	year = {1992},
	month = {July},
	howpublished = {Computer
	Weekly, pp. 16}
}

@misc{mcCabe,
	title = {Studying the Effect of Refactorings:a Complexity Metrics Perspective},
	author = {Quinten David Soetens, Serge Demeyer},
	year = {2010},
	month = {December},
	howpublished = { 2010 Seventh International Conference on the Quality of Information and Communications Technology},
	address = {Porto, Portugal},
}


@misc{fp,
	title = {A Study of Software Functional Programming 
	and Measurement},
	author = {V.Thangadurai,Dr.K.P.Yadav, Dr.K.Krishnamoorthy},
	year = {2012},
	month = {November},
	howpublished = {International Journal of Innovative Research in Science, Engineering and Technology, ISSN: 2319-8753}
}

@misc{tail,
	title = {Dictionary of Algorithms and Data Structures},
	author = {Paul E. Black},
	year = {2008},
	month = {August},
	howpublished = {https://xlinux.nist.gov/dads/}
}

@misc{complexity2,
	title = {Software Metrics: Roadmap},
	author = {Norman E Fenton,  Martin Neil},
	year = {2000},
	howpublished = {The Future of Software Engineering. ACM Press, New York}
}

@misc{complexity,
	title = {Complexity Metrics for Service-Oriented Systems},
	author = {Zhang Qingqing, Simon Thompson},
	year = {2009},
	howpublished = {Second International Symposium on Knowledge Acquisition and Modeling}
}

@misc{cohesion2,
	title = {Software engineering: a practitioner’s approach.},
	author = {R. S. Pressman},
	year = {2005},
	howpublished = {Palgrave Macmillan}
}

@misc{cohesion,
	title = {Class Cohesion Metrics for Software
	Engineering:  A Critical Review},
	author = {Habib Izadkhah, Maryam Hooshyar},
	year = {2017},
	howpublished = {Computer Science Journal of Moldova, vol.
	25, no.1(73)}
}

@misc{fanin,
	title = {Dynamic fan-in and fan-out metrics for program comprehension},
	author = {WANG Yu-ying, LI Qing-shan},
	year = {2009},
	month = {August},
	howpublished = {O’Reilly Media, Inc., 1005 Gravenstein Highway North, Sebastopol, CA 95472}
}

@misc{metrics3,
	title = {Application of complexity metrics in functional languages},
	author = {Roland Kiraly, Robert Kitlei},
	year = {2010},
	howpublished = {STUDIA UNIV. BABEŞ–BOLYAI, INFORMATICA, Volume LV, Number 1}
}

@misc{metrics,
	title = {Software Engineering Metrics: Introduction},
	author = {Rahul N. Lokhande},
	howpublished = {IOSR Journal of Computer Engineering (IOSR-JCE)
	ISSN : 2278-0661, ISBN : 2278-8727, PP : 50-55}
}

@misc{metrics2,
	title = {Using Service Utilization Metrics to
	Assess and Improve Product Line Architectures},
	author = {André van der Hoek, Ebru Dincel, Nenad Medvidovic},
	year = {2003},
	howpublished = { Proceedings of the 9th International Symposium on Software Metrics}
}

@misc{metrix,
	title = {METRIX: a new tool to evaluate the quality of software 
	source codes},
	author = {Antoine Varet, Nicolas Larrieu, Léo Sartre},
	year = {2013},
	howpublished = {AIAA Infotech@Aerospace Conference}
}
@misc{sextant,
	title = {Sextant: A Tool to Specify and Visualize Software Metrics for Java Source-Code},
	author = {Victor Winter, Carl Reinke, Jonathan Guerrero},
	year = {2013},
	howpublished = {International Workshop on Emerging Trends in Software 
	Metric}
}

@misc{refactorerl,
  title = {RefactorErl Homepage},
  howpublished = "\url{http://plc.inf.elte.hu/erlang/.}",
}

@misc{nv,
	title = {NVD3},
	howpublished = "\url{http://nvd3.org/.}",
}

@misc{angular,
	title = {AngularJs},
	howpublished = "\url{https://angularjs.org/.}",
}

@misc{json,
	title = {Introducing JSON},
	howpublished = "\url{https://www.json.org/.}",
}

@misc{saveSvgAsPng,
	title = {saveSvgAsPng},
	howpublished = "\url{https://github.com/exupero/saveSvgAsPng.}",
}

@misc{refactorerlm,
	title = {Metric Queries},
	howpublished = "\url{http://pnyf.inf.elte.hu/trac/refactorerl/wiki/MetricQuery.}",
}

@misc{pvs,
	title = {PVS-Studio Analyzer},
	howpublished = "\url{https://www.viva64.com/en/pvs-studio/.}",
}

@misc{cccc,
	title = {C and C++ Code Counter},
	howpublished = "\url{http://sourceforge.net/projects/cccc.}",
}

@misc{ck1,
	title = {A Tool for Calculating Chidamber and Kemerer Java Metrics},
	howpublished = "\url{https://www.spinellis.gr/sw/ckjm/doc/indexw.html.}",
}

@misc{semmle,
	title = {Semmle},
	howpublished = "\url{https://semmle.com/.}",
}

@misc{analyst4j,
	title = {Analyst4j},
	howpublished = "\url{http://www.codeswat.com.}",
}

@misc{ecl,
	title = {Eclipse Metrics Plugin 1.3.6},
	howpublished = "\url{http://www.easyeclipse.org/site/plugins/metrics.html.}",
}

@misc{ecl1,
	title = {Eclipse Metrics Plugin 3.4},
	howpublished = "\url{http://eclipse-metrics.sourceforge.net/.}",
}
@misc{meter2,
	title = {OOMeter Software Metrics Tool },
	howpublished = "\url{http://www.ccse.kfupm.edu.sa/~oometer/oometer/.}",
}

@misc{refactorerl1,
  title = {Static Analysis of Complex Software Systems Implemented in Erlang},
  author = {Tóth, M. and Bozó, I.},
  year = {2012},
  howpublished = {Central European Functional Programming Summer School – Fourth Summer School, CEFP 2011, Revisited Selected Lectures, Lecture Notes in Computer Science (LNCS), Vol. 7241, pp. 451-514, Springer-Verlag, ISSN: 0302-9743}
}

@misc{refactorerlimp,
	title = {Implementing Structural Complexity Metrics in Erlang},
	author = {Roland Király, Róbert Kitlei, Péter Tömösközi},
	year = {2010},
	month = {January},
	address = {Eger, Hungary},
	howpublished = {Proceedings of the 8th International Conference on Applied Informatics, ol. 2. pp. 173–180}
}

@inproceedings{refactorerl2,
  title = {RefactorErl - Source Code Analysis and Refactoring in Erlang},
  author = {Bozó, I. and Horpácsi, D. and Horváth, Z. and Kitlei, R. and Köszegi, J. and Tejfel. M. and Tóth, M},
  booktitle = {Proceedings of the 12th Symposium on Programming Languages and Software Tools, ISBN 978-9949-23-178-2},
  address = {Tallin, Estonia},
  pages = {138--148},
  year = {2011},
  month = {October}
}

